<collection xmlns="http://www.loc.gov/MARC21/slim">
<record>
  <leader>02710nam0a22004451i 450 </leader>
  <controlfield tag="001">IT\ICCU\CNCE\038773</controlfield>
  <controlfield tag="005">20120702000000.0</controlfield>
  <datafield tag="012" ind1=" " ind2=" ">
    <subfield code="a">alub dior niri repp (3) 1506 (Q)</subfield>
    <subfield code="2">fei</subfield>
  </datafield>
  <datafield tag="100" ind1=" " ind2=" ">
    <subfield code="a">19981103f15061517    0itac0103    ba</subfield>
  </datafield>
  <datafield tag="101" ind1=" " ind2=" ">
    <subfield code="a">LAT</subfield>
  </datafield>
  <datafield tag="102" ind1=" " ind2=" ">
    <subfield code="a">IT</subfield>
  </datafield>
  <datafield tag="200" ind1="1" ind2=" ">
    <subfield code="a">In hoc volumine continentur infrascripta. Regula beati Augustini episcopi. Constitutiones fratrum Ordinis predicatorum cum suis declarationibus insertis editis per ... Vincentium de Castronouo ... Tabula per alphabetum super Constitutiones copiosissima. Constitutiones monialium Ordinis predicatorum. Regula &amp; priuilegia fratrum &amp; sororum de penitentia beati Dominici. Liber de instructione officialium fratrum Ordinis predicatorum ...</subfield>
  </datafield>
  <datafield tag="210" ind1=" " ind2=" ">
    <subfield code="d">\tra il 1506 e il 1517!</subfield>
  </datafield>
  <datafield tag="215" ind1=" " ind2=" ">
    <subfield code="a">\8!, CXXXVI c.</subfield>
    <subfield code="d">8ʻ</subfield>
  </datafield>
  <datafield tag="300" ind1=" " ind2=" ">
    <subfield code="a">Stampata a Venezia da Lazzaro Soardi come si ricava da c. a7 r. - La data si ricava dagli anni di attivit ̉del tipografo.Ma in SBN TO0E047161  ̈considerata lionese e GE13 si  ̈siglata</subfield>
  </datafield>
  <datafield tag="620" ind1=" " ind2=" ">
    <subfield code="a">IT</subfield>
    <subfield code="d">Venezia</subfield>
  </datafield>
  <datafield tag="710" ind1="0" ind2="2">
    <subfield code="a">Domenicani</subfield>
    <subfield code="3">IT\ICCU\CNCT\003443</subfield>
  </datafield>
  <datafield tag="702" ind1=" " ind2="1">
    <subfield code="a">Augustinus,</subfield>
    <subfield code="b">Aurelius</subfield>
    <subfield code="c"> &lt;santo&gt;</subfield>
    <subfield code="3">IT\ICCU\CNCA\004494</subfield>
  </datafield>
  <datafield tag="712" ind1="0" ind2="2">
    <subfield code="a">Domenicane</subfield>
    <subfield code="3">IT\ICCU\CNCT\004885</subfield>
  </datafield>
  <datafield tag="702" ind1=" " ind2="1">
    <subfield code="a">Bandello,</subfield>
    <subfield code="b">Vincenzo</subfield>
    <subfield code="3">IT\ICCU\CNCA\001351</subfield>
  </datafield>
  <datafield tag="712" ind1="0" ind2="0">
    <subfield code="a">Soardi, Lazzaro</subfield>
    <subfield code="3">IT\ICCU\CNCT\000387</subfield>
    <subfield code="4">650</subfield>
  </datafield>
  <datafield tag="791" ind1="0" ind2="2">
    <subfield code="a">Ordo fratrum praedicatorum</subfield>
    <subfield code="3">IT\ICCU\CNCT\004887</subfield>
    <subfield code="z">Domenicani</subfield>
  </datafield>
  <datafield tag="791" ind1="0" ind2="2">
    <subfield code="a">Congregatio Lombardiae Ordinis Praedicatorum</subfield>
    <subfield code="3">15559</subfield>
    <subfield code="z">Domenicani</subfield>
  </datafield>
  <datafield tag="790" ind1=" " ind2="0">
    <subfield code="a">Frati del Terzo Ordine di S. Domenico</subfield>
    <subfield code="3">IT\ICCU\CNCA\018843</subfield>
    <subfield code="z">Domenicani</subfield>
  </datafield>
  <datafield tag="790" ind1=" " ind2="0">
    <subfield code="a">Predicatori</subfield>
    <subfield code="3">IT\ICCU\CNCA\018844</subfield>
    <subfield code="z">Domenicani</subfield>
  </datafield>
  <datafield tag="790" ind1=" " ind2="0">
    <subfield code="a">Agostino Aurelio</subfield>
    <subfield code="c"> &lt;santo&gt;</subfield>
    <subfield code="3">IT\ICCU\CNCA\018777</subfield>
    <subfield code="z">Augustinus, Aurelius &lt;santo&gt;</subfield>
  </datafield>
  <datafield tag="790" ind1=" " ind2="0">
    <subfield code="a">Aurelius Augustinus</subfield>
    <subfield code="c"> : Hipponensis</subfield>
    <subfield code="3">IT\ICCU\CNCA\018780</subfield>
    <subfield code="z">Augustinus, Aurelius &lt;santo&gt;</subfield>
  </datafield>
  <datafield tag="791" ind1="0" ind2="2">
    <subfield code="a">Suore di S. Domenico</subfield>
    <subfield code="3">15508</subfield>
    <subfield code="z">Domenicane</subfield>
  </datafield>
  <datafield tag="791" ind1="0" ind2="2">
    <subfield code="a">Suore collegiate del Terzo ordine di S. Domenico</subfield>
    <subfield code="3">15509</subfield>
    <subfield code="z">Domenicane</subfield>
  </datafield>
  <datafield tag="790" ind1=" " ind2="0">
    <subfield code="a">Novitiae ordinis fratrum praedicatorum</subfield>
    <subfield code="3">IT\ICCU\CNCA\018841</subfield>
    <subfield code="z">Domenicane</subfield>
  </datafield>
  <datafield tag="790" ind1=" " ind2="0">
    <subfield code="a">Sorores de penitentia beati Dominici</subfield>
    <subfield code="3">IT\ICCU\CNCA\018842</subfield>
    <subfield code="z">Domenicane</subfield>
  </datafield>
  <datafield tag="790" ind1=" " ind2="0">
    <subfield code="a">Vincentius</subfield>
    <subfield code="c"> : de#Castronovo</subfield>
    <subfield code="3">IT\ICCU\CNCA\012460</subfield>
    <subfield code="z">Bandello, Vincenzo</subfield>
  </datafield>
  <datafield tag="790" ind1=" " ind2="1">
    <subfield code="a">Bandellus,</subfield>
    <subfield code="b">Vincentius</subfield>
    <subfield code="3">IT\ICCU\CNCA\019064</subfield>
    <subfield code="z">Bandello, Vincenzo</subfield>
  </datafield>
  <datafield tag="790" ind1=" " ind2="1">
    <subfield code="a">Bandelli,</subfield>
    <subfield code="b">Vincenzo</subfield>
    <subfield code="3">IT\ICCU\CNCA\022719</subfield>
    <subfield code="z">Bandello, Vincenzo</subfield>
  </datafield>
  <datafield tag="791" ind1="0" ind2="0">
    <subfield code="a">Suardi, Lazzaro</subfield>
    <subfield code="3">IT\ICCU\CNCT\002884</subfield>
    <subfield code="z">Soardi, Lazzaro</subfield>
  </datafield>
  <datafield tag="791" ind1="0" ind2="0">
    <subfield code="a">Soardus, Lazarus</subfield>
    <subfield code="3">IT\ICCU\CNCT\005682</subfield>
    <subfield code="z">Soardi, Lazzaro</subfield>
  </datafield>
  <datafield tag="791" ind1="0" ind2="0">
    <subfield code="a">Soardis, Lazarus de</subfield>
    <subfield code="3">IT\ICCU\CNCT\005684</subfield>
    <subfield code="z">Soardi, Lazzaro</subfield>
  </datafield>
  <datafield tag="791" ind1="0" ind2="0">
    <subfield code="a">Soardo, Lazaro</subfield>
    <subfield code="3">IT\ICCU\CNCT\005685</subfield>
    <subfield code="z">Soardi, Lazzaro</subfield>
  </datafield>
  <datafield tag="801" ind1=" " ind2="3">
    <subfield code="a">IT</subfield>
    <subfield code="b">ICCU</subfield>
    <subfield code="c">20201114</subfield>
  </datafield>
  <datafield tag="899" ind1=" " ind2=" ">
    <subfield code="a">Biblioteca universitaria. Genova</subfield>
    <subfield code="1">GE0038</subfield>
    <subfield code="2">LIG 01</subfield>
  </datafield>
</record>
</collection>
